<record><leader>00000cas a22000007a 4500</leader><controlfield tag="001">25597641</controlfield><controlfield tag="008">920406d19051906scuwr ne      0    0eng d</controlfield><datafield ind1=" " ind2=" " tag="010"><subfield code="a">sn 92065499 </subfield></datafield><datafield ind1=" " ind2=" " tag="040"><subfield code="a">SVN</subfield><subfield code="b">eng</subfield><subfield code="c">SVN</subfield><subfield code="d">OCL</subfield><subfield code="d">OCLCQ</subfield></datafield><datafield ind1=" " ind2=" " tag="042"><subfield code="a">msc</subfield></datafield><datafield ind1="0" ind2="0" tag="245"><subfield code="a">Leesville sun.</subfield></datafield><datafield ind1=" " ind2=" " tag="260"><subfield code="a">Leesville, S.C. :</subfield><subfield code="b">J.W. Cooner, Jr.</subfield></datafield><datafield ind1=" " ind2=" " tag="300"><subfield code="a">v.</subfield></datafield><datafield ind1=" " ind2=" " tag="310"><subfield code="a">Weekly</subfield></datafield><datafield ind1="1" ind2=" " tag="362"><subfield code="a">Began in 1905; ceased in 1906.</subfield><subfield code="z">Moore, South Carolina Newspapers.</subfield></datafield><datafield ind1=" " ind2=" " tag="588"><subfield code="a">Description based on: Vol. 1, no. 6 (Sept. 21, 1905).</subfield></datafield><datafield ind1=" " ind2="4" tag="651"><subfield code="a">Lexington County (S.C.)</subfield><subfield code="v">Newspapers.</subfield></datafield><datafield ind1=" " ind2=" " tag="752"><subfield code="a">United States</subfield><subfield code="b">South Carolina</subfield><subfield code="c">Lexington</subfield><subfield code="d">Leesville.</subfield></datafield><datafield ind1="0" ind2="7" tag="785"><subfield code="t">Our news letter</subfield><subfield code="w">(DLC)sn 92065494</subfield></datafield><datafield ind1="0" ind2="7" tag="785"><subfield code="t">Leesville news</subfield><subfield code="w">(DLC)sn 92065504</subfield></datafield><datafield ind1="1" ind2=" " tag="029"><subfield code="a">AU@</subfield><subfield code="b">000020694024</subfield></datafield></record>